\DeclareFieldFormat{volume}{Vol. #1}
\DeclareFieldFormat{number}{No. #1}

@STRING{PAMI = {{IEEE} Transactions on Pattern Analysis and Machine Intelligence}}
@STRING{ACL = {Annual Meeting of the Association for Computational Linguistics}}
@STRING{IWSLT = {International Workshop on Spoken Language Translation}}
@STRING{COLING = {International Conference on Computational Linguistics}}
@STRING{EACL = {Conference of the European Chapter of the Association for Computational Linguistics}}
@STRING{NAACL = {Conference of the North American Chapter of the Association for Computational Linguistics}}
@STRING{AMTA = {Association for Machine Translation in the Americas}}
@STRING{WMT = {Workshop on Statistical Machine Translation}}
@STRING{SSST = {Workshop on Syntax, Semantics and Structure in Statistical Translation}}
@STRING{EMNLP = {Conference on Empirical Methods in Natural Language Processing}}

@STRING{JTrasOnASLP = "{IEEE Trans. on Audio, Speech, and Language Processing}"}
@STRING{JPAMI = "{IEEE Transactions on Pattern Analysis and Machine Intelligence}"}
@STRING{IJPatRecAI = "{International Journal of Pattern Recognition and Artificial Intelligence}"}
@STRING{JDocAnalysisRec = "{International Journal on Document Analysis and Recognition}"}
@STRING{JMachLearRes = "{Journal of Machine Learning Research}"}
@STRING{JNN = "{Neural networks}"}
@STRING{JNeuro = "{Neurocomputing}"}
@STRING{confUAI03 = "Uncertainty in Artificial Intelligence"}
@STRING{confICNN = {Proc. of the Int. Conf. on Neural Networks}}
@STRING{confAIStats = {International Conference on Artificial Intelligence and Statistics}}


Speech:
@STRING{confICASSP = "Proc. {IEEE} Int. Conf. on Acoustics, Speech and Signal Processing (ICASSP)"}
@STRING{confEurospeech = "Proc. Eurospeech"}
@STRING{confInterspeech = "Proc. Interspeech"}
@STRING{confASRU = "Proc. IEEE Automatic Speech Recog. and Understanding Workshop (ASRU)"}
@STRING{ASSP = {{IEEE} Transactions on Acoustics, Speech, and Signal Processing}}
@STRING{SAP = {{IEEE} Transactions on Speech and Audio Processing}}
@STRING{confSLT = "Proc. {IEEE} Spoken Language Technology Workshop (SLT)"}

NLP:
@STRING{confEMNLP={Proc. Conf. on Empirical Methods in Natural Language Processing (EMNLP)}}
@STRING{confNAACL = "Proc. North American Chapter of the Association for Computational Linguistics on Human Language Technologies (NAACL-HLT)"}
@STRING{confACL = "Proc. Association for Computational Linguistics (ACL)"}


Machine Learning:
@STRING{confICLR = "Int. Conf. on Learning Representations (ICLR)"}
@STRING{confNIPS = "Proc. Advances in Neural Information Processing Systems (NIPS)"}
@STRING{confNEU = "Proc. Advances in Neural Information Processing Systems (NeurIPS)"}
@STRING{confICML = "Proc. Int. Conf. on Machine Learning (ICML)"}

@inproceedings{trafo,
  address =       {Long Beach, {CA}, {USA}},
  author =        {Vaswani, Ashish and Shazeer, Noam and Parmar, Niki and
                   Uszkoreit, Jakob and Jones, Llion and Gomez, Aidan N and
                   Kaiser, {\L}ukasz and Polosukhin, Illia},
  booktitle =     {Proc. Advances in Neural Information Processing
                   Systems (NIPS)},
  month =         dec,
  pages =         {5998--6008},
  title =         {Attention is All you Need},
  year =          {2017},
}

@inproceedings{PapineniRWZ02,
  author    = {Kishore Papineni and
               Salim Roukos and
               Todd Ward and
               Wei{-}Jing Zhu},
  title     = {{BLEU}: a Method for Automatic Evaluation of Machine Translation},
  booktitle = confACL,
  month = jul,
  address = {Philadelphia, {PA}, {USA}},
  pages     = {311--318},
  year      = 2002,
}

@misc{carion2020end,
  title={End-to-End Object Detection with Transformers},
  author={Carion, Nicolas and Massa, Francisco and Synnaeve, Gabriel and Usunier, Nicolas and Kirillov, Alexander and Zagoruyko, Sergey},
  howpublished={Preprint arXiv:2005.12872},
  year={2020}
}

@inproceedings{FinnYZAL17,
  author    = {Chelsea Finn and
               Tianhe Yu and
               Tianhao Zhang and
               Pieter Abbeel and
               Sergey Levine},
  title     = {One-Shot Visual Imitation Learning via Meta-Learning},
  booktitle = {Conference on Robot Learning (CoRL)},
  month = nov,
  address = {Mountain View, {CA}, {USA}},
  series    = {Proc. Machine Learning Research},
  pages     = {357--368},
  year      = {2017},
}

@article{kim2018deep,
  title={Deep-learning-based inverse design model for intelligent discovery of organic molecules},
  author={Kim, Kyungdoc and Kang, Seokho and Yoo, Jiho and Kwon, Youngchun and Nam, Youngmin and Lee, Dongseon and Kim, Inkoo and Choi, Youn-Suk and Jung, Yongsik and Kim, Sangmo and others},
  journal={npj Computational Materials},
  volume={4},
  number={1},
  pages={1--7},
  year={2018},
}

@misc{mnih-atari-2013,
  title = {Playing Atari With Deep Reinforcement Learning},
  author = {Volodymyr Mnih and Koray Kavukcuoglu and David Silver and Alex Graves and Ioannis Antonoglou and Daan Wierstra and Martin Riedmiller},
  howpublished = {NIPS Deep Learning Workshop},
  address = {Harrahs and Harveys, Lake Tahoe},
  month = dec,
  year = {2013}
}

Lecture notes/slides/videos:

@misc{dieleman2020,
  author = {Sander Dieleman},
  howpublished =       {https://www.youtube.com/watch?v=shVKhOmT0HE},
  title =         {Deep Learning Lectures {D}eep{M}ind-{UCL}, part 3},
  year =          {2020},
}

@misc{stanford2019,
  author = {Li, Fei-Fei and Johnson, Justin and Yeung, Serena},
  howpublished =       {http://cs231n.stanford.edu/slides/2019/, Spring},
  title =         {Stanford CS231n: Convolutional Neural Networks for Visual Recognition},
  year =          {2019},
}

@misc{neylecture2019,
  author = {Ney, Hermann},
  howpublished =       {RWTH Aachen, Germany},
  title =         {Lecture slides, Advanced Topics in Machine Learning and Humand Language Technology},
  year =          {2019},
}


@misc{stanford2017,
  author = {Li, Fei-Fei and Johnson, Justin and Yeung, Serena},
  howpublished =       {\url{http://cs231n.stanford.edu/slides/2017/cs231n_2017_lecture11.pdf}, Spring},
  title =         {Stanford CS231n: Convolutional Neural Networks for Visual Recognition, lecture 11},
  year =          {2017},
}

@misc{stanford2019cnn,
  author = {Li, Fei-Fei and Johnson, Justin and Yeung, Serena},
  howpublished =       {\url{http://cs231n.stanford.edu/slides/2019/cs231n\_2019\_lecture05.pdf}, Spring},
  title =         {Stanford CS231n: Convolutional Neural Networks for Visual Recognition, lecture 5},
  year =          {2019},
}

@misc{stanford2019training,
  author = {Li, Fei-Fei and Johnson, Justin and Yeung, Serena},
  howpublished =       {\url{http://cs231n.stanford.edu/slides/2019/cs231n\_2019\_lecture08.pdf}, Spring},
  title =         {Stanford CS231n: Convolutional Neural Networks for Visual Recognition, lecture 8},
  year =          {2019},
}

@misc{stanford2019cheat,
  author = {Amidi, Afshine and Amidi, Shervine},
  howpublished =       {\url{https://stanford.edu/~shervine/teaching/cs-230/cheatsheet-deep-learning-tips-and-tricks}, Winter},
  title =         {Cheatsheets, Stanford CS230: Deep Learning},
  year =          {2019},
}

@misc{stanford2019nlp,
  author = {Manning, Chris and See, Abigail},
  howpublished =       {\url{https://web.stanford.edu/class/archive/cs/cs224n/cs224n.1194/slides/cs224n-2019-lecture08-nmt.pdf}, Winter},
  title = {Stanford CS224n/Ling284: Natural Language Processing with Deep Learning, lecture 8},
  year =          {2019},
}

@book{pytorchbook2020,
  title = {Deep learning with PyTorch},
  author = {Eli Stevens and Luca Antiga},
  year = {2020},
  publisher = {Manning Publications},
}

@misc{lecun1998mnist,
  title={The MNIST database of handwritten digits},
  author={LeCun, Yann and Cortes, Corinna and Burges, Christopher JC},
  howpublished={URL http://yann. lecun. com/exdb/mnist},
  year={1998}
}

@inproceedings{devlin2019bert,
  address =       {Minneapolis, {MN}, {USA}},
  author =        {Jacob Devlin and Ming{-}Wei Chang and Kenton Lee and
                   Kristina Toutanova},
  booktitle =     confNAACL,
  month =         jun,
  pages =         {4171--4186},
  title =         {{BERT:} Pre-training of Deep Bidirectional
                   Transformers for Language Understanding},
  year =          {2019},
}

@inproceedings{OordKK16,
  author    = {A{\"{a}}ron van den Oord and
               Nal Kalchbrenner and
               Koray Kavukcuoglu},
  title     = {Pixel Recurrent Neural Networks},
  booktitle = confICML,
  month = jun,
  address   = {New York City, {NY}, {USA}},
  volume    = {48},
  pages     = {1747--1756},
  year      = {2016},
}

@incollection{NIPS2019_9361,
title = {Generative Modeling by Estimating Gradients of the Data Distribution},
author = {Song, Yang and Ermon, Stefano},
booktitle = confNEU,
pages = {11918--11930},
year = {2019},
month=dec,
address = {Vancouver, Canada}
}

@inproceedings{KingmaW13,
  author    = {Diederik P. Kingma and
               Max Welling},
  title     = {Auto-Encoding Variational Bayes},
  year      = {2014},
  address = {Banff, Canada},
  month = apr,
  booktitle = confICLR,
}

@incollection{NIPS2014_5423,
title = {Generative Adversarial Nets},
author = {Goodfellow, Ian and Pouget-Abadie, Jean and Mirza, Mehdi and Xu, Bing and Warde-Farley, David and Ozair, Sherjil and Courville, Aaron and Bengio, Yoshua},
booktitle = confNIPS,
month = dec,
address = {Montr'eal, Canada},
pages = {2672--2680},
year = {2014},
}

@misc{oord2016wavenet,
  title={Wavenet: A generative model for raw audio},
  author={Oord, Aaron van den and Dieleman, Sander and Zen, Heiga and Simonyan, Karen and Vinyals, Oriol and Graves, Alex and Kalchbrenner, Nal and Senior, Andrew and Kavukcuoglu, Koray},
  howpublished={Preprint arXiv:1609.03499},
  year={2016}
}

@inproceedings{DinhKB14,
  author    = {Laurent Dinh and
               David Krueger and
               Yoshua Bengio},
  title     = {{NICE:} Non-linear Independent Components Estimation},
  booktitle = {International Conference on Learning Representations ({ICLR}),
               Workshop Track Proceedings},
  address = {San Diego, CA, USA},
  month = may,
  year      = {2015},
  
}

@inproceedings{RezendeM15,
  author    = {Danilo Jimenez Rezende and
               Shakir Mohamed},
  title     = {Variational Inference with Normalizing Flows},
  booktitle = confICML,
  month = jul,
  address = {Lille, France},
  pages     = {1530--1538},
  year      = {2015},
}

@article{silver2016mastering,
  title={Mastering the game of Go with deep neural networks and tree search},
  author={Silver, David and Huang, Aja and Maddison, Chris J and Guez, Arthur and Sifre, Laurent and Van Den Driessche, George and Schrittwieser, Julian and Antonoglou, Ioannis and Panneershelvam, Veda and Lanctot, Marc and others},
  journal={Nature},
  volume={529},
  number={7587},
  pages={484--489},
  year={2016},
}

@article{andrychowicz2020learning,
  title={Learning dexterous in-hand manipulation},
  author={Andrychowicz, OpenAI: Marcin and Baker, Bowen and Chociej, Maciek and Jozefowicz, Rafal and McGrew, Bob and Pachocki, Jakub and Petron, Arthur and Plappert, Matthias and Powell, Glenn and Ray, Alex and others},
  journal={The International Journal of Robotics Research},
  volume={39},
  number={1},
  pages={3--20},
  year={2020},
  publisher={SAGE Publications Sage UK: London, England}
}

@article{vinyals2019grandmaster,
  title={Grandmaster level in StarCraft II using multi-agent reinforcement learning},
  author={Vinyals, Oriol and Babuschkin, Igor and Czarnecki, Wojciech M and Mathieu, Micha{\"e}l and Dudzik, Andrew and Chung, Junyoung and Choi, David H and Powell, Richard and Ewalds, Timo and Georgiev, Petko and others},
  journal={Nature},
  volume={575},
  number={7782},
  pages={350--354},
  year={2019},
}

@inproceedings{YuK15,
  author    = {Fisher Yu and
               Vladlen Koltun},
  title     = {Multi-Scale Context Aggregation by Dilated Convolutions},
  booktitle = confICLR,
  year      = {2016},
  month = may,
  address = {San Juan, Puerto Rico}
}

@inproceedings{Chollet17,
  author    = {Fran{\c{c}}ois Chollet},
  title     = {Xception: Deep Learning with Depthwise Separable Convolutions},
  booktitle = {{IEEE} Conference on Computer Vision and Pattern Recognition (CVPR)},
  pages     = {1800--1807},
  month=jul,
  address = {Honolulu, HI, USA},
  year      = {2017},
}

@article{waibel1989phoneme,
  title={Phoneme recognition using time-delay neural networks},
  author={Waibel, Alex and Hanazawa, Toshiyuki and Hinton, Geoffrey and Shikano, Kiyohiro and Lang, Kevin J},
  journal={IEEE Transactions on Acoustics, Speech, and Signal Processing},
  volume={37},
  number={3},
  pages={328--339},
  year={1989},
}

@inproceedings{kim2014convolutional,
    title = {Convolutional Neural Networks for Sentence Classification},
    author = {Kim, Yoon},
    booktitle = confEMNLP,
    month = oct,
    year = 2014,
    address = {Doha, Qatar},
    pages = "1746--1751",
}

@inproceedings{GehringAGYD17,
  address =       {Sydney, Australia},
  author =        {Jonas Gehring and Michael Auli and David Grangier and
                   Denis Yarats and Yann N. Dauphin},
  booktitle =     confICML,
  month =         aug,
  pages =         {1243--1252},
  title =         {Convolutional Sequence to Sequence Learning},
  year =          {2017},
}

@inproceedings{nikolaus-etal-2019-compositional,
    title = {Compositional Generalization in Image Captioning},
    author = {Nikolaus, Mitja  and
      Abdou, Mostafa  and
      Lamm, Matthew  and
      Aralikatte, Rahul  and
      Elliott, Desmond},
    booktitle = {Proc. Computational Natural Language Learning (CoNLL)},
    month = nov,
    year = {2019},
    address = {Hong Kong, China},
    pages = {87--98},
}

@inproceedings{ZhuPIE17,
  author    = {Jun{-}Yan Zhu and
               Taesung Park and
               Phillip Isola and
               Alexei A. Efros},
  title     = {Unpaired Image-to-Image Translation Using Cycle-Consistent Adversarial
               Networks},
  booktitle = {{IEEE} International Conference on Computer Vision (ICCV)},
  pages     = {2242--2251},
  address = {Venice, Italy},
  month = oct,
  year      = {2017},
}

@misc{srivastava2015highway,
  title={Highway networks},
  author={Srivastava, Rupesh Kumar and Greff, Klaus and Schmidhuber, J{\"u}rgen},
  howpublished={Preprint arXiv:1505.00387},
  year={2015},
  month = may,
}

@inproceedings{NIPS2015_5850,
title = {Training Very Deep Networks},
author = {Srivastava, Rupesh K and Greff, Klaus and Schmidhuber, J\"{u}rgen},
booktitle = {Advances in Neural Information Processing Systems 28},
pages = {2377--2385},
year = {2015},
address = {Montr\'eal, Canada},
month=dec,
}

@inproceedings{HeZRS16,
  author    = {Kaiming He and
               Xiangyu Zhang and
               Shaoqing Ren and
               Jian Sun},
  title     = {Deep Residual Learning for Image Recognition},
  booktitle = {{IEEE} Conference on Computer Vision and Pattern Recognition (CVPR)},
  url={http://kaiminghe.com/cvpr16resnet/cvpr2016_deep_residual_learning_kaiminghe.pdf},
  month = jun,
  address = {Las Vegas, NV, USA},
  pages     = {770--778},
  year      = {2016},
}

@misc{HeZRS16slides,
  author    = {Kaiming He and
               Xiangyu Zhang and
               Shaoqing Ren and
               Jian Sun},
  title     = {Slides, Deep Residual Learning for Image Recognition},
  howpublished = {\url{http://kaiminghe.com/cvpr16resnet/cvpr2016_deep_residual_learning_kaiminghe.pdf}},
  year      = {2016},
}

@inproceedings{HeZRS16b,
  address =       {Amsterdam, Netherlands},
  author =        {Kaiming He and Xiangyu Zhang and Shaoqing Ren and
                   Jian Sun},
  booktitle =     {Proc. European Conf. on Computer Vision (ECCV)},
  month =         oct,
  pages =         {630--645},
  title =         {Identity Mappings in Deep Residual Networks},
  year =          {2016},
}

@inproceedings{ZagoruykoK16,
  author    = {Sergey Zagoruyko and
               Nikos Komodakis},
  title     = {Wide Residual Networks},
  booktitle = {Proc. British Machine Vision Conference ({BMVC})},
  address = {York, UK},
  month = sep,
  year      = {2016},
}

@inproceedings{HuangLMW17,
  author    = {Gao Huang and
               Zhuang Liu and
               Laurens van der Maaten and
               Kilian Q. Weinberger},
  title     = {Densely Connected Convolutional Networks},
  booktitle = {{IEEE} Conference on Computer Vision and Pattern Recognition ({CVPR})},
  month = jul,
  address = {Honolulu, HI, USA},
  pages     = {2261--2269},
  year      = {2017},
}

@inproceedings{lang1988learning,
  title={Learning to tell two spirals apart},
  author={Lang, Kevin J and Witbrock, Michael J},
  year = 1988,
  pages = {52--59},
  booktitle = {Proc. Connectionist Models Summer School},
  month = jun,
  address = {Carnegie Mellon University}
}

@article{hochreiter1997long,
  author =        {Hochreiter, Sepp and Schmidhuber, J{\"u}rgen},
  journal =       {Neural computation},
  number =        {8},
  pages =         {1735--1780},
  title =         {Long short-term memory},
  volume =        {9},
  year =          {1997},
}

@article{gers2000learning,
  author =        {Gers, Felix A and Schmidhuber, J{\"u}rgen and
                   Cummins, Fred},
  journal =       {Neural computation},
  number =        {10},
  pages =         {2451--2471},
  title =         {Learning to forget: Continual prediction with {LSTM}},
  volume =        {12},
  year =          {2000},
}

@InProceedings{kingma15,
      author = {Kingma, Diederik P. and Ba, Jimmy},
      booktitle={Proc. Int. Conf. on Learning Representations (ICLR)},
      title = {Adam: A Method for Stochastic Optimization},
      address={San Diego, {CA}, {USA}},
      month=may,
      year = {2015}
}

@inproceedings{XieGDTH17,
  author    = {Saining Xie and
               Ross B. Girshick and
               Piotr Doll{\'{a}}r and
               Zhuowen Tu and
               Kaiming He},
  title     = {Aggregated Residual Transformations for Deep Neural Networks},
  month = jul,
  address = {Honolulu, {HI}, {USA}},
  booktitle = {Proc. {IEEE} Conference on Computer Vision and Pattern Recognition (CVPR)},
  pages     = {5987--5995},
  year      = {2017},
}

@inproceedings{KrizhevskySH12,
  author    = {Alex Krizhevsky and
               Ilya Sutskever and
               Geoffrey E. Hinton},
  title     = {ImageNet Classification with Deep Convolutional Neural Networks},
  address = {Lake Tahoe, NV, USA},
  month = dec,
  booktitle = confNIPS,
  pages     = {1106--1114},
  year      = {2012},
}

@inproceedings{bahdanau2014neural,
  address =       {San Diego, {CA}, {USA}},
  author =        {Bahdanau, Dzmitry and Cho, Kyunghyun and
                   Bengio, Yoshua},
  booktitle =     {Int. Conf. on Learning Representations (ICLR)},
  month =         may,
  title =         {Neural machine translation by jointly learning to
                   align and translate},
  year =          {2015},
}

@inproceedings{luong-etal-2015-effective,
    title = "Effective Approaches to Attention-based Neural Machine Translation",
    author = "Luong, Thang  and
      Pham, Hieu  and
      Manning, Christopher D.",
    booktitle = confEMNLP,
    month = sep,
    year = "2015",
    address = "Lisbon, Portugal",
    pages = "1412--1421",
}

@misc{le2020neurocoder,
  title={Neurocoder: Learning General-Purpose Computation Using Stored Neural Programs},
  author={Le, Hung and Venkatesh, Svetha},
  howpublished={Preprint arXiv:2009.11443},
  year={2020}
}

@misc{wu2016google,
  title={Google's neural machine translation system: Bridging the gap between human and machine translation},
  author={Wu, Yonghui and Schuster, Mike and Chen, Zhifeng and Le, Quoc V and Norouzi, Mohammad and Macherey, Wolfgang and Krikun, Maxim and Cao, Yuan and Gao, Qin and Macherey, Klaus and others},
  howpublished={Preprint arXiv:1609.08144},
  year={2016}
}
